@article{bardi2006calculus,
  title={The Calculus Wars: Newton},
  author={Bardi, Jason Socrates},
  journal={Leibniz, and the Greatest Mathematical Clash of All Time (Thunder Mouth, New York, 2006)},
  year={2006}
} 

@book{bornwolf,
  title={Principles of Optics},
  author={Born, Max},
  author={Wolf, Emil},
  publisher = {Pergamon},
  address = {London},
  year={1980}, 
  edition   = 6,
  note         = {Sect. 1.6.5}
} 
